

@misc{algo_game_theory,
  author = {Tim Roughgarden},
  title  = {Lectures Notes on Algorithmic Game Theory
            Stanford CS364A, Fall 20131},
  month  = {7},
  year   = {2014}
}


@incollection{cooperative_game_theory_toru_hokari,
  title     = {Cooperative Game Theory},
  editor    = {James D. Wright},
  booktitle = {International Encyclopedia of the Social \& Behavioral Sciences (Second Edition)},
  publisher = {Elsevier},
  edition   = {Second Edition},
  address   = {Oxford},
  pages     = {867-880},
  year      = {2015},
  isbn      = {978-0-08-097087-5},
  doi       = {https://doi.org/10.1016/B978-0-08-097086-8.71073-7},
  url       = {https://www.sciencedirect.com/science/article/pii/B9780080970868710737},
  author    = {Toru Hokari and William Thomson},
  keywords  = {-Value, Additivity, C79, Chun (1991), Coalitional games, Consistency, Core, D63, D74, Dutta-Ray value, Harsanyi, Kalai-Samet, Maschler-Owen, Monotinicity, Non-transferable utility, Own-contributions only, Peleg (1985), Population monotonicity, Prekernel, Prenucleolus, Shapley (1945), Shapley value, Shapley, Sobolev (1975), Tadenuma (1992), Transferable utility, Young (1985), C79, D63, D74},
  abstract  = {We survey the literature on coalitional games, focusing on recent developments and on the axiomatic approach to the subject.}
}